<record xmlns="http://www.loc.gov/MARC21/slim" xmlns:xsi="http://www.w3.org/2001/XMLSchema-instance" xsi:schemaLocation="http://www.loc.gov/MARC21/slim http://www.loc.gov/standards/marcxml/schema/MARC21slim.xsd"><leader>00491cz   2200145n  4500</leader><controlfield tag="001">oca01330555 </controlfield><controlfield tag="005">19930303134746.3</controlfield><controlfield tag="008">850516n| acannaab|          |a aaa |||  </controlfield><datafield ind1=" " ind2=" " tag="010"><subfield code="a">n  85084093 </subfield></datafield><datafield ind1=" " ind2=" " tag="040"><subfield code="a">DLC</subfield><subfield code="c">DLC</subfield><subfield code="d">DLC</subfield></datafield><datafield ind1="0" ind2=" " tag="100"><subfield code="a">Jordanes,</subfield><subfield code="d">6th cent.</subfield></datafield><datafield ind1="0" ind2=" " tag="400"><subfield code="a">Iordanes,</subfield><subfield code="d">6th cent.</subfield></datafield><datafield ind1=" " ind2=" " tag="670"><subfield code="a">Zwolski, E. Historia gocka, czyli scytyska Europa, 1984:</subfield><subfield code="b">t.p. (Jordanes)</subfield></datafield><datafield ind1=" " ind2=" " tag="670"><subfield code="a">LC data base, 5-14-85</subfield><subfield code="b">(hdg.: Jordanes, 6th cent.)</subfield></datafield><datafield ind1=" " ind2=" " tag="670"><subfield code="a">His Getica, 1986:</subfield><subfield code="b">t.p. (Iordanes) p. v (6th cent.)</subfield></datafield></record>